@book{antunes2009infoproletarios,
  title={Infoproletarios: degradacao real do tradalho virtual},
  author={Antunes, Ricardo},
  year={2009},
  publisher={Boitempo Editorial}
}

@article{gonccalves2007informalidade,
  title={Informalidade e precariza{\c{c}}{\~a}o do trabalho: uma contribui{\c{c}}{\~a}o {\`a} geografia do trabalho},
  author={Gon{\c{c}}alves, Marcelino Andrade},
  journal={Scripta Nova. Revista Electr{\'o}nica de Geograf{\'\i}a y Ciencias Sociales},
  volume={6},
  year={2007}
}

@article{antunes2011modos,
  title={Os modos de ser da informalidade: rumo a uma nova era da precariza{\c{c}}{\~a}o estrutural do trabalho?; The ways of being of informality: towards a new era of structural precarious work?},
  author={Antunes, Ricardo},
  journal={Serv. soc. soc},
  number={107},
  pages={405--419},
  year={2011}
}

@book{antunes1999sentidos,
  title={Os sentidos do trabalho: ensaio sobre a afirma{\c{c}}{\~a}o ea nega{\c{c}}{\~a}o do trabalho},
  author={Antunes, Ricardo},
  year={1999},
  publisher={Boitempo Editorial}
}

@article{augusta,
  title={Trabalho informal: os fios (in) vis{\'\i}veis da produ{\c{c}}{\~a}o capitalista},
  journal={Revista Outubro},
  author={AUGUSTA, M.T},
  year={2002}
}

@article{noronha2003informal,
  title={“INFORMAL”, ILEGAL, INJUSTO: percep{\c{c}}{\~o}es do mercado de trabalho no Brasil},
  author={Noronha, E},
  journal={Revista Brasileira de Ci{\^e}ncias Sociais},
  volume={18},
  number={53},
  year={2003}
}

@article{hirata2007conceito,
  title={Conceito de informalidade/formalidade e uma proposta de tipologia},
  author={Hirata, Guilherme Issamu and Machado, Ana Fl{\'a}via},
  journal={mercado de trabalho},
  volume={34},
  pages={23},
  year={2007}
}

@book{castel1998metamorfoses,
  title={As metamorfoses da quest{\~a}o social: uma cr{\^o}nica do sal{\'a}rio},
  author={Castel, Robert},
  volume={6},
  year={1998},
  publisher={Vozes Petr{\'o}polis}
}

@article{demografico2000resultados,
  title={Resultados preliminares},
  author={Demogr{\'a}fico, IBGE Censo},
  journal={Rio de Janeiro. Dispon{\'\i}vel em: http://www. ibge. gov. br/home/estatistica/populacao/censo2000/default\_tabulacao. shtm. Acesso em},
  volume={1},
  number={04},
  pages={2002},
  year={2000}
}